@misc{ettinger2021large,
  title         = {Large Scale Interactive Motion Forecasting for Autonomous Driving : The Waymo Open Motion Dataset},
  author        = {Scott Ettinger and Shuyang Cheng and Benjamin Caine and Chenxi Liu and Hang Zhao and Sabeek Pradhan and Yuning Chai and Ben Sapp and Charles Qi and Yin Zhou and Zoey Yang and Aurelien Chouard and Pei Sun and Jiquan Ngiam and Vijay Vasudevan and Alexander McCauley and Jonathon Shlens and Dragomir Anguelov},
  year          = {2021},
  eprint        = {2104.10133},
  archiveprefix = {arXiv},
  primaryclass  = {cs.CV}
}

@misc{waymo2021github,
  author       = {Waymo-Research},
  title        = {Waymo-Open-Dataset/Protos},
  year         = {2021},
  howpublished = {\url{https://github.com/waymo-research/waymo-open-dataset/tree/master/waymo_open_dataset/protos} [{2021-07-13}]}
}

@ARTICLE{Yonghwan2020,
  author={Jeong, Yonghwan and Kim, Seonwook and Yi, Kyongsu},
  journal={IEEE Open Journal of Intelligent Transportation Systems}, 
  title={Surround Vehicle Motion Prediction Using LSTM-RNN for Motion Planning of Autonomous Vehicles at Multi-Lane Turn Intersections}, 
  year={2020},
  volume={1},
  number={},
  pages={2-14},
  doi={10.1109/OJITS.2020.2965969}
}

@INPROCEEDINGS{Jingyuan2018,
  author={Wu, Jingyuan and Ruenz, Johannes and Althoff, Matthias},
  booktitle={2018 IEEE Intelligent Vehicles Symposium (IV)}, 
  title={Probabilistic Map-based Pedestrian Motion Prediction Taking Traffic Participants into Consideration}, 
  year={2018},
  volume={},
  number={},
  pages={1285-1292},
  doi={10.1109/IVS.2018.8500562}
}

@misc{Keras2021,
  author       = {Amogh Joshi},
  title        = {Next-Frame Video Prediction with Convolutional LSTMs},
  year         = {2021},
  howpublished = {\url{https://keras.io/examples/vision/conv_lstm/} [{2021-07-13}]}
}

@misc{Tutorial2021,
  author       = {Waymo-Research},
  title        = {Waymo Open Dataset Motion Tutorial},
  year         = {2021},
  howpublished = {\url{https://github.com/waymo-research/waymo-open-dataset/blob/master/tutorial/tutorial_motion.ipynb} [{2021-07-13}]}
}
